@article{ramsay2002spline,
  title={Spline smoothing over difficult regions},
  author={Ramsay, Tim},
  journal={Journal of the Royal Statistical Society: Series B (Statistical Methodology)},
  volume={64},
  number={2},
  pages={307--319},
  year={2002},
  publisher={Wiley Online Library}
}

@article{rudin2019stop,
  title={Stop explaining black box machine learning models for high stakes decisions and use interpretable models instead},
  author={Rudin, Cynthia},
  journal={Nature Machine Intelligence},
  volume={1},
  number={5},
  pages={206--215},
  year={2019},
  publisher={Nature Publishing Group}
}

@article{aragones2007neural,
  title={Neural network volatility forecasts},
  author={Aragon{\'e}s, Jos{\'e} R and Blanco, Carlos and Est{\'e}vez, Pablo Garc{\'i}a},
  journal={Intelligent Systems in Accounting, Finance \& Management: International Journal},
  volume={15},
  number={3-4},
  pages={107--121},
  year={2007},
  publisher={Wiley Online Library}
}

@article{smith1999healthy,
  title={Healthy bodies and thick wallets: The dual relation between health and economic status},
  author={Smith, James P},
  journal={Journal of Economic Perspectives},
  volume={13},
  number={2},
  pages={145--166},
  year={1999}
}

@online{openstreetmap2020,
  author = {{OpenStreetMap}},
  title = {Map Features (Wiki)},
  year = {2019},
  date = {2020-06-01},
  url = {https://wiki.openstreetmap.org/wiki/Map_Features}
}

@online{airo2020,
  author = {{All-Island Research Observatory}},
  title = {AIRO Data Store},
  year = {2020},
  date = {2020-06-01},
  url = {http://airo.maynoothuniversity.ie/datastore}
}

@online{cso2020,
  author = {{Central Statistics Office}},
  title = {Census 2016 Small Area Population Statistics},
  year = {2020},
  date = {2020-06-01},
  url = {https://www.cso.ie/en/census/census2016reports/census2016smallareapopulationstatistics/}
}

@online{nominatim2020,
  author = {Hoffmann, Sarah},
  title={Nominatim: Open-source geocoding with OpenStreetMap data},
  year = {2020},
  date = {2020-06-01},
  url = {https://nominatim.org/}
}

@online{wiki2010overpass,
  title = {Overpass {API}},
  author = {{OpenStreetMap}},
  year = {2020},
  date = {2020-06-01},
  url = {https://wiki.openstreetmap.org/wiki/Overpass_API}
}

@online{rppr2020, 
  author = {{Property Services Regulatory Authority}},
  title={Residential Property Price Register}, 
  url= {https://propertypriceregister.ie},
  year = {2020},
  date = {2020-06-01}
} 

@article{haklay2008openstreetmap,
  title={Openstreetmap: User-generated street maps},
  author={Haklay, Mordechai and Weber, Patrick},
  journal={IEEE Pervasive Computing},
  volume={7},
  number={4},
  pages={12--18},
  year={2008},
  publisher={Ieee}
}

@article{bourassa2007spatial,
  title={Spatial dependence, housing submarkets, and house price prediction},
  author={Bourassa, Steven C and Cantoni, Eva and Hoesli, Martin},
  journal={The Journal of Real Estate Finance and Economics},
  volume={35},
  number={2},
  pages={143--160},
  year={2007},
  publisher={Springer}
}

@article{wood2008soap,
  title={Soap film smoothing},
  author={Wood, Simon N and Bravington, Mark V and Hedley, Sharon L},
  journal={Journal of the Royal Statistical Society: Series B (Statistical Methodology)},
  volume={70},
  number={5},
  pages={931--955},
  year={2008},
  publisher={Wiley Online Library}
}

@article{basu1998analysis,
  title={Analysis of spatial autocorrelation in house prices},
  author={Basu, Sabyasachi and Thibodeau, Thomas G},
  journal={The Journal of Real Estate Finance and Economics},
  volume={17},
  number={1},
  pages={61--85},
  year={1998},
  publisher={Springer}
}

@inproceedings{limsombunchai2004house,
  title={House price prediction: Hedonic price model vs. artificial neural network},
  author={Limsombunchai, Visit},
  booktitle={New Zealand agricultural and resource economics society conference},
  pages={25--26},
  year={2004}
}

@article{selim2009determinants,
  title={Determinants of house prices in Turkey: Hedonic regression versus artificial neural network},
  author={Selim, Hasan},
  journal={Expert systems with Applications},
  volume={36},
  number={2},
  pages={2843--2852},
  year={2009},
  publisher={Elsevier}
}

@inproceedings{feng2015comparing,
  title={Comparing multilevel modelling and artificial neural networks in house price prediction},
  author={Feng, Yingyu and Jones, Kelvyn},
  booktitle={2015 2nd IEEE International Conference on Spatial Data Mining and Geographical Knowledge Services (ICSDM)},
  pages={108--114},
  year={2015},
  organization={IEEE}
}

@article{mccluskey2000application,
  title={The application of surface generated interpolation models for the prediction of residential property values},
  author={McCluskey, William J and Deddis, William G and Lamont, Ian G and Borst, Richard A},
  journal={Journal of Property Investment \& Finance},
  year={2000},
  publisher={MCB UP Ltd}
}

@article{clapp2002predicting,
  title={Predicting spatial patterns of house prices using LPR and Bayesian smoothing},
  author={Clapp, John M and Kim, Hyon--Jung and Gelfand, Alan E},
  journal={Real Estate Economics},
  volume={30},
  number={4},
  pages={505--532},
  year={2002},
  publisher={Wiley Online Library}
}

@article{dubin1998predicting,
  title={Predicting house prices using multiple listings data},
  author={Dubin, Robin A},
  journal={The Journal of Real Estate Finance and Economics},
  volume={17},
  number={1},
  pages={35--59},
  year={1998},
  publisher={Springer}
}

@article{liu2013spatial,
  title={Spatial and temporal dependence in house price prediction},
  author={Liu, Xiaolong},
  journal={The Journal of Real Estate Finance and Economics},
  volume={47},
  number={2},
  pages={341--369},
  year={2013},
  publisher={Springer}
}

@book{savage2014property,
  title={Property Bureaucracy \& Culture},
  author={Savage, Michael and Barlow, James and Dickens, Peter and Fielding, Tom},
  year={2014},
  publisher={Routledge}
}

@article{kitchin2013making,
  title={Making informed decisions on future housing policy},
  author={Kitchin, Rob},
  journal={Housing Ireland: A Journal for Irish Housing Professionals},
  number={3},
  pages={36--41},
  year={2013},
  publisher={Chartered Institute of Housing}
}

@article{guiso2003people,
  title={People's opium? Religion and economic attitudes},
  author={Guiso, Luigi and Sapienza, Paola and Zingales, Luigi},
  journal={Journal of monetary economics},
  volume={50},
  number={1},
  pages={225--282},
  year={2003},
  publisher={Elsevier}
}

@article{elgin2013religion,
  title={Religion, income inequality, and the size of the government},
  author={Elgin, Ceyhun and Goksel, Turkmen and Gurdal, Mehmet Y and Orman, Cuneyt},
  journal={Economic Modelling},
  volume={30},
  pages={225--234},
  year={2013},
  publisher={Elsevier}
}

@article{de2008does,
  title={Does religion distract the poor? Income and issue voting around the world},
  author={De La O, Ana L and Rodden, Jonathan A},
  journal={Comparative Political Studies},
  volume={41},
  number={4-5},
  pages={437--476},
  year={2008},
  publisher={Sage Publications Sage CA: Los Angeles, CA}
}

@article{friedman2001greedy,
  title={Greedy function approximation: a gradient boosting machine},
  author={Friedman, Jerome H},
  journal={Annals of statistics},
  pages={1189--1232},
  year={2001},
  publisher={JSTOR}
}

@inproceedings{chen2016xgboost,
  title={Xgboost: A scalable tree boosting system},
  author={Chen, Tianqi and Guestrin, Carlos},
  booktitle={Proceedings of the 22nd acm sigkdd international conference on knowledge discovery and data mining},
  pages={785--794},
  year={2016}
}

@article{goodman1998housing,
  title={Housing market segmentation},
  author={Goodman, Allen C and Thibodeau, Thomas G},
  journal={Journal of housing economics},
  volume={7},
  number={2},
  pages={121--143},
  year={1998},
  publisher={Elsevier}
}

@article{antonakakis2016dynamic,
  title={Dynamic interdependencies among the housing market, stock market, policy uncertainty and the macroeconomy in the United Kingdom},
  author={Antonakakis, Nikolaos and Floros, Christos},
  journal={International Review of Financial Analysis},
  volume={44},
  pages={111--122},
  year={2016},
  publisher={Elsevier}
}

@inproceedings{delgiudice2014geoadditive,
  author = {del Giudice, Vincenzo and de Paola, Pierfrancesco},
  title = {Geoadditive Models for Property Market},
  year = {2014},
  month = {8},
  volume = {584},
  pages = {2505--2509},
  booktitle = {Architecture, Building Materials and Engineering Management IV},
  series = {Applied Mechanics and Materials},
  publisher = {Trans Tech Publications Ltd},
  doi = {10.4028/www.scientific.net/AMM.584-586.2505},
}